@article{Demsar2016BalancedMixture,
    title = {{A Balanced Mixture of Antagonistic Pressures Promotes the Evolution of Parallel Movement}},
    year = {2016},
    journal = {Scientific Reports},
    author = {Dem{\v{s}}ar, Jure and {\v{S}}trumbelj, Erik and Lebar Bajec, Iztok},
    volume = {6},
    doi = {10.1038/srep39428}
}

@article{Demsar2017LinguisticEvolution,
    title = {{Evolution of Collective Behaviour in an Artificial World Using Linguistic Fuzzy Rule-Based Systems}},
    year = {2017},
    journal = {PLoS ONE},
    author = {Dem{\v{s}}ar, Jure and Lebar Bajec, Iztok},
    number = {1},
    pages = {1--20},
    volume = {12},
    doi = {10.1371/journal.pone.0168876}
}
@article{touvron2023llama,
  title={Llama 2: Open foundation and fine-tuned chat models},
  author={Touvron, Hugo and Martin, Louis and Stone, Kevin and Albert, Peter and Almahairi, Amjad and Babaei, Yasmine and Bashlykov, Nikolay and Batra, Soumya and Bhargava, Prajjwal and Bhosale, Shruti and others},
  journal={arXiv preprint arXiv:2307.09288},
  year={2023}
}

@article{jiang2024mixtral,
  title={Mixtral of experts},
  author={Jiang, Albert Q and Sablayrolles, Alexandre and Roux, Antoine and Mensch, Arthur and Savary, Blanche and Bamford, Chris and Chaplot, Devendra Singh and Casas, Diego de las and Hanna, Emma Bou and Bressand, Florian and others},
  journal={arXiv preprint arXiv:2401.04088},
  year={2024}
}

@misc{viva,
  title        = {Viva - portal za zdravo življenje},
  howpublished = {\url{https://viva.bhc.si/}},
  note         = {Dostopano: 17.3.2024},
  year         = {2024}
}

@misc{medovernet,
  title        = {MedOverNet - Svetovanje},
  howpublished = {\url{https://med.over.net/}},
  note         = {Dostopano: 17.3.2024},
  year         = {2024}
}

@misc{vizita,
  title        = {Vizita.si - Za vaše zdravje},
  howpublished = {\url{https://vizita.si/}},
  note         = {Dostopano: 17.3.2024},
  year         = {2024}
}

@misc{brevdev,
  title        = {Brevdev Notebooks},
  howpublished = {\url{https://github.com/brevdev/notebooks}},
  note         = {Dostopano: 17.3.2024},
  year         = {2024}
}

@inproceedings{fan2013online,
author = {Fan, Hanmei (Sarah) and Lederman, Reeva and Smith, Stephen and Chang, Shanton},
year = {2013},
month = {06},
pages = {},
title = {How Online Health Forum Users Assess User- Generated Content: Mixed-Method Research},
journal = {ECIS 2013 - Proceedings of the 21st European Conference on Information Systems}
}

@book{sauls2018perceived,
  title={Perceived Credibility of Information on Internet Health Forums},
  author={Sauls, Madison Elizabeth},
  year={2018},
  publisher={Clemson University}
}

@incollection{zummo2015,
  author    = {Zummo, Maria Luisa},
  title     = {Credibility and Responsibility in User-generated Health Posts: Towards a Co-construction of Quality Knowledge?},
  booktitle = {THE LANGUAGE OF MEDICINE: SCIENCE, PRACTICE AND ACADEMIA},
  editor    = {Sala, Stefania and Maci, Stefania and Gotti, Maurizio},
  year      = {2015},
  pages     = {191--215},
  publisher = {CELSB},
  address   = {Bologna}
}

https://paperswithcode.com/dataset/medquad
https://paperswithcode.com/dataset/mimic-iii

@ARTICLE{BenAbacha-BMC-2019,    
		  author    = {Asma {Ben Abacha} and Dina Demner{-}Fushman},
		  title     = {A Question-Entailment Approach to Question Answering},
		  journal = {{BMC} Bioinform.}, 
		  volume    = {20},
  		  number    = {1},
     		  pages     = {511:1--511:23},
  		  year      = {2019},
  	url       = {https://bmcbioinformatics.biomedcentral.com/articles/10.1186/s12859-019-3119-4}
		   }  

@article{johnson2018mimic,
  title={The MIMIC Code Repository: enabling reproducibility in critical care research},
  author={Johnson, Alistair E W and Stone, David J and Celi, Leo A and Pollard, Tom J},
  journal={Journal of the American Medical Informatics Association},
  volume={25},
  number={1},
  pages={32--39},
  year={2018},
  publisher={Oxford University Press}
}

@misc{jiang2024mixtral,
      title={Mixtral of Experts}, 
      author={Albert Q. Jiang and Alexandre Sablayrolles and Antoine Roux and Arthur Mensch and Blanche Savary and Chris Bamford and Devendra Singh Chaplot and Diego de las Casas and Emma Bou Hanna and Florian Bressand and Gianna Lengyel and Guillaume Bour and Guillaume Lample and Lélio Renard Lavaud and Lucile Saulnier and Marie-Anne Lachaux and Pierre Stock and Sandeep Subramanian and Sophia Yang and Szymon Antoniak and Teven Le Scao and Théophile Gervet and Thibaut Lavril and Thomas Wang and Timothée Lacroix and William El Sayed},
      year={2024},
      eprint={2401.04088},
      archivePrefix={arXiv},
      primaryClass={cs.LG}
}